<record><leader>00000cas a22000007a 4500</leader><controlfield tag="001">15667648</controlfield><controlfield tag="008">870511d18761uuuinudn ne      0    0eng d</controlfield><datafield ind1=" " ind2=" " tag="010"><subfield code="a">sn 87056395 </subfield></datafield><datafield ind1=" " ind2=" " tag="040"><subfield code="a">NPI</subfield><subfield code="b">eng</subfield><subfield code="c">NPI</subfield><subfield code="d">OCLCQ</subfield></datafield><datafield ind1=" " ind2=" " tag="042"><subfield code="a">msc</subfield></datafield><datafield ind1="0" ind2=" " tag="130"><subfield code="a">Fort Wayne daily news (Fort Wayne, Ind. : 1876)</subfield></datafield><datafield ind1="1" ind2="0" tag="245"><subfield code="a">Fort Wayne daily news.</subfield></datafield><datafield ind1="3" ind2="0" tag="246"><subfield code="a">Daily news</subfield></datafield><datafield ind1=" " ind2=" " tag="260"><subfield code="a">Fort Wayne, Ind. :</subfield><subfield code="b">Page, Taylor &amp; Co.</subfield></datafield><datafield ind1=" " ind2=" " tag="310"><subfield code="a">Daily (except Sun.)</subfield></datafield><datafield ind1="1" ind2=" " tag="362"><subfield code="a">Began in 1876.</subfield></datafield><datafield ind1=" " ind2=" " tag="500"><subfield code="a">"The People's paper."</subfield></datafield><datafield ind1=" " ind2=" " tag="500"><subfield code="a">"Fort Wayne" appears in title ornament, &lt;Feb. 20-July 29, 1878&gt; &lt;Aug. 24, 1880&gt;.</subfield></datafield><datafield ind1=" " ind2=" " tag="588"><subfield code="a">Description based on: Sept. 21, 1876.</subfield></datafield><datafield ind1=" " ind2=" " tag="752"><subfield code="a">United States</subfield><subfield code="b">Indiana</subfield><subfield code="c">Allen</subfield><subfield code="d">Fort Wayne.</subfield></datafield><datafield ind1="0" ind2="0" tag="780"><subfield code="t">Daily news (Fort Wayne, Ind.)</subfield><subfield code="w">(DLC)sn 87055851</subfield></datafield><datafield ind1="0" ind2="0" tag="785"><subfield code="t">Fort Wayne news</subfield><subfield code="w">(DLC)sn 86058002</subfield></datafield></record>